% This file was created with Citavi 6.2.0.12

@book{AurelienGeron.2018,
 author = {{Aur{\'e}lien G{\'e}ron}},
 year = {2018},
 title = {Machine Learning mit Scikit-Learn {\&} TensorFlow: Konzepte, Tools und Techniken f{\"u}r intelligente Systeme: {\"U}bersetzung von Kristian Rother},
 address = {Heidelberg},
 edition = {1},
 publisher = {{dpunkt.verlag GmbH}},
 isbn = {978-3-96009-061-8},
 institution = {O'Reilly}
}


@misc{doks.innovation.2019,
 author = {{doks. innovation}},
 year = {2019},
 title = {inventAIRyX},
 url = {https://www.doks-innovation.com/inventairy-x/},
 address = {doks. innovation Homepage},
 urldate = {2019-10-26}
}


@misc{MathWorks.2019,
 author = {MathWorks},
 year = {2019},
 title = {Deep Learning: Drei Dinge, die Sie wissen sollten},
 url = {https://de.mathworks.com/discovery/deep-learning.html},
 address = {MathWorks},
 urldate = {2019-10-12}
}


